@phdthesis{shafahi:2017:UVBSDB,
	author = {Ali Shafahi},
	title = {Understanding and Visualizing the District of Columbia Capital Bikeshare System Using Data Analysis for Balancing Purposes},
	school = {University of Maryland},
	address = {USA},
	url = {https://arxiv.org/ftp/arxiv/papers/1708/1708.04196.pdf},
	year = {2017},
}

@manual{KaggleData,
	title  = {Los Angeles Metro Bike Share Trip Data},
	author = {Kaggle},
	url    = {https://www.kaggle.com/cityofLA/los-angeles-metro-bike-share-trip-data},
	year   = {2018},
}

@manual{BikeShareMetro,
	title  = {Bike Share Metro Trip Data},
	author = {BikeShare Metro},
	url    = {https://bikeshare.metro.net/about/data/},
	year   = {2018},
}

@manual{BayAreaViz,
	title  = {A Graphic Look at Bay Area Bike Share},
	author = {Stefan Heinz},
	url    = {https://nycdatascience.com/blog/student-works/r-visualization/graphic-look-bay-area-bike-share/},
	year   = {2017},
}

@manual{UrbanDataCyclist,
	title  = {Mining the Twin Cities Nice Ride Data},
	author = {Daniel I. Patterson},
	url    = {https://urbandatacyclist.wordpress.com/2017/12/28/data-mining-twin-cities-bike-share-program/},
	year   = {2017},
}

@manual{MobilityLab,
	title  = {Bikeshare GPS insights highlight stark differences across types of trips},
	author = {Jon Wergin},
	url    = {https://mobilitylab.org/2016/06/21/capital-bikeshare-gps-data-trips/},
	year   = {2016},
}

@article{DeMaio:2009:MetroBike,
 author = {Paul DeMaio},
 title = {Bike-sharing: History, Impacts, Models of Provision, and Future},
 journal = {Journal of Public Transportation},
 volume = {12},
 number = {4},
 year = {2009},
 pages = {41-56},
 doi = {10.5038/2375-0901.12.4.3},
}

@article{Fishman:2016:BikeShare,
 author = {Elliot Fishman},
 title = {Bikeshare: A Review of Recent Literature},
 journal = {Transport Reviews},
 volume = {36},
 number = {1},
 year = {2016},
 pages = {92-113},
 doi = {10.1080/01441647.2015.1033036},
}

@article{Garcia:2015:Univ,
 author = {Javier Molina-Garcia and Isabel Castillo and Ana Queralt and James F. Sallis},
 title = {Bicycling to university: evaluation of a bicycle-sharing program in Spain},
 journal = {Health Promotion International},
 volume = {30},
 number = {2},
 month = {June},
 year = {2015},
 pages = {350â€“358},
 doi = {https://doi.org/10.1093/heapro/dat045},
}

@article{DeMaio:2004:Success,
 author = {DeMaio and Paul and Gifford and Jonathan},
 title = {Will Smart Bikes Succeed as Public Transportation in the United States?},
 journal = {Journal of Public Transportation},
 volume = {7},
 number = {2},
 year = {2004},
 pages = {1-15},
 doi = {http://doi.org/10.5038/2375-0901.7.2.1},
}

@article{Sakari:2013:Data,
 author = {Sakari Jappinen and Tuuli Toivonen and Maria Salonen},
 title = {Modelling the potential effect of shared bicycles on public transport travel times in Greater Helsinki: An open data approach},
 journal = {Journal of Applied Geography},
 volume = {43},
 year = {2013},
 pages = {13-24},
 doi = {https://doi.org/10.1016/j.apgeog.2013.05.010},
}

