@phdthesis{shafahi:2017:UVBSDB,
  author = {Ali Shafahi},
  title = {Understanding and Visualizing the District of Columbia Capital Bikeshare System Using Data Analysis for Balancing Purposes},
  school = {University of Maryland},
	address = {USA},
	url = {https://arxiv.org/ftp/arxiv/papers/1708/1708.04196.pdf},
  year = {2017},
}

@online{KaggleData,
	author = {Kaggle},
	title = {Los Angeles Metro Bike Share Trip Data},
	url = {https://www.kaggle.com/cityofLA/los-angeles-metro-bike-share-trip-data},
	urldate = {2018-09-21}
}

@online{BikeShare Metro,
	author = {BikeShare Metro},
	title = {Bike Share Metro Trip Data},
	url = {https://bikeshare.metro.net/about/data/},
	urldate = {2018-09-21}
}

@online{BayArea Viz,
	author = {Stefan Heinz},
	title = {A Graphic Look at Bay Area Bike Share},
	url = {https://nycdatascience.com/blog/student-works/r-visualization/graphic-look-bay-area-bike-share/},
	urldate = {2017-02-13}
}


@online{Urban Data Cyclist,
	author = {Daniel I. Patterson},
	title = {Mining the Twin Cities Nice Ride Data},
	url = {https://urbandatacyclist.wordpress.com/2017/12/28/data-mining-twin-cities-bike-share-program/},
	urldate = {2017-12-28}
}

