@article{Sakari:2013:Data,
 author = {Sakari Jappinen and Tuuli Toivonen and Maria Salonen},
 title = {Modelling the potential effect of shared bicycles on public transport travel times in Greater Helsinki: An open data approach},
 journal = {Journal of Applied Geography},
 volume = {43},
 year = {2013},
 pages = {13-24},
 doi = {https://doi.org/10.1016/j.apgeog.2013.05.010},
}

@manual{Leaflet:2017:Doc,
	title  = {Leaflet Documentation},
	author = {Vladimir Agafonkin},
	url    = {https://leafletjs.com/reference-1.3.4.html},
	year   = {2017},
}

@article{Shneiderman:1996:Mantra,
 author = {Ben Shneiderman},
 title = {The Eyes Have It: A Task by Data Type Taxonomy for Information Visualizations},
 journal = {IEEE},
 volume = {5},
 number = {96},
 year = {1996},
 pages = {1-15},
 doi = {10.1109/VL.1996.545307},
}